<?xml version="1.0" encoding="UTF-8"?><record xmlns="http://www.loc.gov/MARC21/slim" xmlns:cinclude="http://apache.org/cocoon/include/1.0" xmlns:zs="http://www.loc.gov/zing/srw/">
  <leader>00972cz  a2200169n  4500</leader>
  <controlfield tag="001">n 2007203470</controlfield>
  <controlfield tag="003">DLC</controlfield>
  <controlfield tag="005">20150203172809.0</controlfield>
  <controlfield tag="008">071003n| azannaabn          |a ana      </controlfield>
  <datafield tag="010" ind1=" " ind2=" ">
    <subfield code="a">n 2007203470</subfield>
  </datafield>
  <datafield tag="040" ind1=" " ind2=" ">
    <subfield code="a">DLC</subfield>
    <subfield code="b">eng</subfield>
    <subfield code="e">rda</subfield>
    <subfield code="c">DLC</subfield>
    <subfield code="d">DLC</subfield>
  </datafield>
  <datafield tag="110" ind1="1" ind2=" ">
    <subfield code="a">Malacca (Malaysia : State).</subfield>
    <subfield code="t">Enakmen Keterangan Mahkamah Syariah (Negeri Melaka) 2002</subfield>
  </datafield>
  <datafield tag="410" ind1="1" ind2=" ">
    <subfield code="w">nnea</subfield>
    <subfield code="a">Malacca (State).</subfield>
    <subfield code="t">Enakmen Keterangan Mahkamah Syariah (Negeri Melaka) 2002</subfield>
  </datafield>
  <datafield tag="410" ind1="1" ind2=" ">
    <subfield code="a">Malacca (Malaysia : State).</subfield>
    <subfield code="t">Syariah Court Evidence (State of Malacca) Enactment 2002</subfield>
  </datafield>
  <datafield tag="410" ind1="1" ind2=" ">
    <subfield code="a">Malacca (Malaysia : State).</subfield>
    <subfield code="t">Enactment no. 8 of 2002</subfield>
  </datafield>
  <datafield tag="670" ind1=" " ind2=" ">
    <subfield code="a">Syariah enactments of Malacca, 2005:</subfield>
    <subfield code="b">t.p. (Syariah Court Evidence (State of Malacca) Enactment 2002) p. 9 (Enactment no. 8 of 2002)</subfield>
  </datafield>
  <datafield tag="670" ind1=" " ind2=" ">
    <subfield code="a">The official Department of Syariah Judiciary Malaysia presence, viewed Oct. 3, 2007:</subfield>
    <subfield code="b">(cit. title: Enakmen Keterangan Mahkamah Syariah (Negeri Melaka) 2002; Melaka Enakmen no. 8 tahun 2002)</subfield>
    <subfield code="u">http://www.esyariah.gov.my/</subfield>
  </datafield>
</record>